@inproceedings{li2024reset_rl,
  author    = {Chunxiao Li and Charlie Liu and Jonathan Chung and Zhengyang Lu and Piyush Jha and Vijay Ganesh},
  title     = {A Reinforcement Learning based Reset Policy for CDCL SAT Solvers},
  booktitle = {42nd Conference on Very Important Topics (CVIT 2016)},
  year      = {2024},
  series    = {Leibniz International Proceedings in Informatics},
  publisher = {Dagstuhl Publishing},
  doi       = {10.4230/LIPIcs.CVIT.2016.23},
  url       = {https://doi.org/10.4230/LIPIcs.CVIT.2016.23}
}

@inproceedings{luo2017clause_minimization,
  author    = {Mao Luo and Chu-Min Li and Fan Xiao and Felip Manyà and Zhipeng Lü},
  title     = {An Effective Learnt Clause Minimization Approach for CDCL SAT Solvers},
  booktitle = {Proceedings of the Twenty-Sixth International Joint Conference on Artificial Intelligence (IJCAI-17)},
  year      = {2017},
  pages     = {703--709},
  publisher = {IJCAI},
  address   = {Melbourne, Australia}
}

@inproceedings{fuchs2023active_learning,
  author    = {Tobias Fuchs and Jakob Bach and Markus Iser},
  title     = {Active Learning for SAT Solver Benchmarking},
  booktitle = {Tools and Algorithms for the Construction and Analysis of Systems (TACAS 2023)},
  series    = {LNCS},
  volume    = {13993},
  pages     = {407--425},
  year      = {2023},
  publisher = {Springer},
  doi       = {10.1007/978-3-031-30823-9_21},
  url       = {https://doi.org/10.1007/978-3-031-30823-9_21}
}

@misc{sat23medals,
  author    = {{SAT Competition Organizers}},
  title     = {SAT Competition 2023 – Medal Winners},
  year      = {2023},
  url       = {https://cca.informatik.uni-freiburg.de/sat23medals/},
  note      = {Accessed: 2025-06-14}
}

@article{sun2024autosat,
  author  = {Yiwen Sun and Furong Ye and Xianyin Zhang and Shiyu Huang and Bingzhen Zhang and Ke Wei and Shaowei Cai},
  title   = {AutoSAT: Automatically Optimize SAT Solvers via Large Language Models},
  journal = {Journal of Artificial Intelligence Research},
  volume  = {1},
  pages   = {1--37},
  year    = {2024},
  note    = {arXiv:2402.10705v3 [cs.AI]},
  url     = {https://arxiv.org/abs/2402.10705}
}

@article{cai2022better_heuristics,
  author  = {Shaowei Cai and Xindi Zhang and Mathias Fleury and Armin Biere},
  title   = {Better Decision Heuristics in CDCL through Local Search and Target Phases},
  journal = {Journal of Artificial Intelligence Research},
  volume  = {74},
  pages   = {1515--1563},
  year    = {2022},
  month   = {August},
  note    = {Submitted 01/2022; published 08/2022}
}

@misc{cadical2024,
  author       = {Armin Biere and Mathias Fleury and Tobias Faller and Nils Froleyks and Katalin Fazekas and Florian Pollitt},
  title        = {CaDiCaL 2.0},
  year         = {2024},
  howpublished = {\url{https://github.com/arminbiere/cadical}},
  note         = {University Freiburg, Johannes Kepler University Linz, TU Wien}
}

@inproceedings{biere2019cadical,
  author    = {Armin Biere},
  title     = {CaDiCaL at the SAT Race 2019},
  booktitle = {SAT Race 2019},
  year      = {2019},
  organization = {Johannes Kepler University Linz, Institute for Formal Models and Verification}
}

@incollection{marques-silva2024cdcl,
  author    = {Joao Marques-Silva and Ines Lynce and Sharad Malik},
  title     = {Conflict-Driven Clause Learning SAT Solvers},
  booktitle = {Computer Aided Verification},
  chapter   = {4},
  year      = {2024},
  publisher = {Springer},
  editor    = {Arie Gurfinkel and Vijay Ganesh},
  series    = {Lecture Notes in Computer Science},
  volume    = {14681},
  pages     = {---},
  doi       = {10.1007/978-3-031-65627-9},
  note      = {CAV 2024, Montreal, QC, Canada}
}

@article{chowdhury2019glue,
  author  = {Md Solimul Chowdhury and Martin Müller and Jia-Huai You},
  title   = {Characterization of Glue Variables in CDCL SAT Solving},
  journal = {arXiv preprint},
  volume  = {arXiv:1904.11106},
  year    = {2019},
  url     = {https://arxiv.org/abs/1904.11106}
}

@inproceedings{cherif2024vsidschb,
  author    = {Mohamed Sami Cherif and Djamal Habet and Cyril Terrioux},
  title     = {Combining VSIDS and CHB Using Restarts in SAT},
  booktitle = {Proceedings of a Conference or Workshop (details not specified)},
  year      = {2024},
  institution = {Aix-Marseille Univ, Université de Toulon, CNRS, LIS, France}
}

@article{chen2019core_unit_propagation,
  author  = {Jingchao Chen},
  title   = {Core First Unit Propagation},
  journal = {arXiv preprint},
  volume  = {arXiv:1907.01192},
  year    = {2019},
  url     = {https://arxiv.org/abs/1907.01192}
}

@article{su2025deeply_ic3,
  author  = {Yuheng Su and Qiusong Yang and Yiwei Ci and Yingcheng Li and Tianjun Bu and Ziyu Huang},
  title   = {Deeply Optimizing the SAT Solver for the IC3 Algorithm},
  journal = {arXiv preprint},
  volume  = {arXiv:2501.18612},
  year    = {2025},
  url     = {https://arxiv.org/abs/2501.18612}
}

@incollection{garcia-satcap,
  author    = {Luciano García Garrido},
  title     = {El problema de la Satisfacibilidad (SAT)},
  booktitle = {Capítulo de libro sin especificar},
  year      = {----},
  note      = {Capítulo educativo}
}

@inproceedings{biere2019restart_schemes,
  author    = {Armin Biere and Andreas Fröhlich},
  title     = {Evaluating CDCL Restart Schemes},
  booktitle = {Proceedings of Pragmatics of SAT 2015 and 2018 (POS-18)},
  series    = {EPiC Series in Computing},
  volume    = {59},
  pages     = {1--17},
  year      = {2019},
  editor    = {D. Le Berre and M. Järvisalo},
  publisher = {EasyChair},
  address   = {Linz, Austria},
  note      = {Partially supported by FWF, NFN Grant S11408-N23 (RiSE)}
}

@misc{oliveras2009dpll_cdcl,
  author    = {Albert Oliveras and Enric Rodríguez-Carbonell},
  title     = {From DPLL to CDCL SAT Solvers},
  howpublished = {Lecture notes, Logic and Algebra in Computer Science, Session 4},
  institution = {Departament de Llenguatges i Sistemes Informàtics, Universitat Politècnica de Catalunya},
  year      = {2009},
  address   = {Barcelona, Spain},
  note      = {Fall 2009}
}

@inproceedings{chowdhury2020conflict_depression,
  author    = {Md Solimul Chowdhury and Martin M{\"u}ller and Jia-Huai You},
  title     = {Guiding CDCL SAT Search via Random Exploration amid Conflict Depression},
  booktitle = {Proceedings of the Thirty-Fourth AAAI Conference on Artificial Intelligence (AAAI-20)},
  year      = {2020},
  address   = {New York, USA},
  publisher = {AAAI Press}
}

@phdthesis{oh2016improving,
  author       = {Chanseok Oh},
  title        = {Improving SAT Solvers by Exploiting Empirical Characteristics of CDCL},
  school       = {New York University},
  department   = {Department of Computer Science},
  year         = {2016},
  month        = {January},
  type         = {Ph.D. dissertation}
}

@article{shirokikh2023machine,
  author    = {Mikhail Shirokikh and Ilya Shenbin and Anton Alekseev and Sergey Nikolenko},
  title     = {Machine Learning for SAT: Restricted Heuristics and New Graph Representations},
  journal   = {arXiv preprint arXiv:2307.09141},
  year      = {2023},
  month     = {July},
  note      = {arXiv:2307.09141v1 [cs.AI], submitted July 18, 2023},
  institution = {Steklov Institute of Mathematics at St. Petersburg and St. Petersburg State University, Russia}
}

@phdthesis{liang2018machine,
  author       = {Jia Hui Liang},
  title        = {Machine Learning for SAT Solvers},
  school       = {University of Waterloo},
  department   = {Electrical and Computer Engineering},
  year         = {2018},
  address      = {Waterloo, Ontario, Canada},
  type         = {Ph.D. dissertation},
  copyright    = {© Jia Hui Liang 2018}
}

@article{nandi2024margin,
  author    = {Ankita Nandi and Shantanu Chakrabartty and Chetan Singh Thakur},
  title     = {Margin Propagation based XOR-SAT Solvers for Decoding of LDPC Codes},
  journal   = {arXiv preprint arXiv:2402.04959},
  year      = {2024},
  month     = {February},
  note      = {arXiv:2402.04959v1 [cs.IT], submitted February 7, 2024}
}

@article{ganesh_unreasonable,
  author  = {Vijay Ganesh and Moshe Y. Vardi},
  title   = {On The Unreasonable Effectiveness of SAT Solvers},
  year    = {},
  note    = {No se especifica año ni fuente en la información proporcionada}
}

@article{trimoska2020parity,
  author    = {Monika Trimoska and Sorina Ionica and Gilles Dequen},
  title     = {Parity (XOR) Reasoning for the Index Calculus Attack},
  journal   = {arXiv preprint arXiv:2001.11229},
  year      = {2020},
  month     = {January},
  note      = {arXiv:2001.11229v1 [cs.CR], submitted January 30, 2020},
  institution = {MIS Laboratory, University of Picardie Jules Verne, France}
}

@inproceedings{kaiser2023prioritised,
  author       = {Benjamin Kaiser and Robert Clausecker and Michael Mavroskoufis},
  title        = {Prioritised Unit Propagation by Partitioning the Watch Lists},
  booktitle    = {14th International Workshop on Pragmatics of SAT (PoS 2023)},
  year         = {2023},
  publisher    = {CEUR Workshop Proceedings},
  series       = {CEUR-WS.org},
  volume       = {3545},
  address      = {Berlin, Germany},
  issn         = {1613-0073},
  url          = {http://ceur-ws.org/Vol-3545/paper2.pdf},
  note         = {©2023 by the authors, licensed under Creative Commons Attribution 4.0 International (CC BY 4.0)},
  author_email = {kaiser@zib.de, clausecker@zib.de, mavroskoufis@zib.de},
  affiliation  = {Zuse Institute Berlin, Germany},
  orcid        = {0000-0003-2929-4439 (B. Kaiser)}
}

@article{guo2024progress,
  author       = {Mengyu Guo},
  title        = {Progress in the Study of the Boolean Satisfiability Problem},
  journal      = {International Journal of Computer Science and Information Technology},
  year         = {2024},
  volume       = {2},
  number       = {2},
  issn         = {3005-9682 (Print), 3005-7140 (Online)},
  doi          = {10.62051/ijcsit.v2n2.25},
  url          = {https://wepub.org/index.php/IJCSIT/index},
  publisher    = {Warwick Evans Publishing},
  affiliation  = {School of Software, Henan Polytechnic University, Jiaozuo, Henan Province, China},
  note         = {© Content licensed under CC BY-NC 4.0}
}

@article{vo_reformulations,
  author       = {Huu-Phuc Vo},
  title        = {Reformulations of Constraint Satisfaction Problems: A Survey},
  affiliation  = {Department of Information Technology, Uppsala University, Uppsala, Sweden},
  email        = {huu-phuc.vo@it.uu.se},
  note         = {ORCID: 0000-0003-2106-7186}
}

@inproceedings{zhang2024revisiting,
  author       = {Xindi Zhang and Zhihan Chen and Shaowei Cai},
  title        = {Revisiting Restarts of CDCL: Should the Search Information be Preserved?},
  booktitle    = {42nd Conference on Very Important Topics (CVIT 2016)},
  year         = {2024},
  month        = {May},
  note         = {arXiv:2404.16387v2 [cs.LO], submitted May 28, 2024; Licensed under CC-BY 4.0},
  publisher    = {Leibniz International Proceedings in Informatics (LIPIcs), Schloss Dagstuhl – Leibniz-Zentrum für Informatik, Germany},
  pages        = {23:1--23:17},
  address      = {Dagstuhl, Germany},
  corresponding_author = {Shaowei Cai}
}

@article{biere2023cadical,
  author    = {Armin Biere and Mathias Fleury and Florian Pollitt},
  title     = {CaDiCaL vivinst, IsaSAT, Gimsatul, Kissat, and TabularaSAT Entering the SAT Competition 2023},
  year      = {2023},
  affiliation = {University of Freiburg},
  email     = {biere@cs.uni-freiburg.de, fleury@cs.uni-freiburg.de, pollittf@cs.uni-freiburg.de}
}

@techreport{balyo2023sat,
  editor       = {Tomáš Balyo and Marijn J. H. Heule and Markus Iser and Matti Järvisalo and Martin Suda},
  title        = {Proceedings of SAT Competition 2023: Solver, Benchmark and Proof Checker Descriptions},
  institution  = {Department of Computer Science, University of Helsinki},
  series       = {Department of Computer Science Series of Publications B},
  volume       = {B-2023-1},
  year         = {2023},
  address      = {Helsinki, Finland},
  issn         = {1458-4786},
  url          = {http://hdl.handle.net/10138/563824},
  note         = {Electronic reprint from Helda, University of Helsinki institutional repository}
}

@article{fichte2023silent,
  author    = {Johannes K. Fichte and Daniel Le Berre and Markus Hecher and Stefan Szeider},
  title     = {The Silent (R)evolution of SAT},
  journal   = {Communications of the ACM},
  volume    = {66},
  number    = {6},
  year      = {2023},
  pages     = {54--63},
  doi       = {10.1145/3581777},
  url       = {https://cacm.acm.org/research/the-silent-revolution-of-sat/}
}

@article{kruger2022too,
  author    = {Tom Kruger and Jan-Hendrik Lorenz and Florian Worz},
  title     = {Too much information: why CDCL solvers need to forget learned clauses},
  journal   = {arXiv preprint arXiv:2202.01030},
  year      = {2022},
  month     = {June},
  note      = {arXiv:2202.01030v2 [cs.AI], submitted June 16, 2022},
  affiliation = {Institute of Theoretical Computer Science, Universität Ulm, Germany},
  corresponding_authors = {tom.krueger@uni-ulm.de, florian.woerz@uni-ulm.de}
}

@phdthesis{zulkoski2018understanding,
  author       = {Edward Zulkoski},
  title        = {Understanding and Enhancing CDCL-based SAT Solvers},
  school       = {University of Waterloo},
  department   = {Computer Science},
  year         = {2018},
  address      = {Waterloo, Ontario, Canada},
  type         = {Ph.D. dissertation},
  copyright    = {© Edward Zulkoski 2018}
}

@inproceedings{iser2021unit,
  author       = {Markus Iser and Tomáš Balyo},
  title        = {Unit Propagation with Stable Watches},
  booktitle    = {Proceedings of the 2021 International Conference on Principles and Practice of Constraint Programming (CP 2021)},
  year         = {2021},
  doi          = {10.4230/LIPIcs.CP.2021.6},
  note         = {Category: Short Paper; Supplementary Material: \url{https://github.com/sat-clique/cadical_stability}},
  affiliation  = {Karlsruhe Institute of Technology (KIT), Germany; CAS Software AG, Karlsruhe, Germany},
  subject_class= {Theory of computation → Constraint and logic programming}
}

@article{sonobe2019variable,
  author       = {Tomohiro Sonobe},
  title        = {Variable Selection with PageRank for SAT Solvers},
  journal      = {Journal of Computer Science},
  year         = {2019},
  volume       = {15},
  number       = {8},
  pages        = {1074--1084},
  doi          = {10.3844/jcssp.2019.1074.1084},
  affiliation  = {Global Research Center for Big Data Mathematics, National Institute of Informatics, Japan},
  email        = {tomohiro_sonobe@nii.ac.jp},
  note         = {© 2019 Tomohiro Sonobe; Open access under Creative Commons Attribution (CC-BY) 3.0 license}
}

@incollection{hoos1998sat,
  author       = {Holger H. Hoos},
  title        = {SAT and Constraint Satisfaction},
  booktitle    = {Stochastic Local Search: Foundations and Applications},
  editor       = {Holger H. Hoos and Thomas Stützle},
  publisher    = {Morgan Kaufmann},
  year         = {1998},
  chapter      = {6},
  pages        = {203--260},
  address      = {San Francisco, CA},
  note         = {Available online: \url{https://www.cs.ubc.ca/~hoos/SLS-Internal/ch6.pdf}},
  doi          = {10.1016/B978-1-55860-508-4.50012-4}
}

@misc{garcia_conferencia1,
  author       = {Luciano García Garrido},
  title        = {LC-CSP\_Conferencia \#1},
  howpublished = {Conferencia, Facultad de Matemática y Computación, Universidad de La Habana},
  note         = {Profesor Titular Consultante},
  year         = {n.d.}
}

@misc{garcia_propositional,
  author       = {Luciano García Garrido},
  title        = {Propositional Logic, Complexity, more CSPs},
  howpublished = {Presentación o conferencia, Facultad de Matemática y Computación, Universidad de La Habana},
  note         = {Profesor Titular Consultante},
  year         = {n.d.}
}
